<record xmlns="http://www.loc.gov/MARC21/slim">
  <leader>03608cam a2200589 a 4500</leader>
  <controlfield tag="001">4035269</controlfield>
  <controlfield tag="003">LTSCA</controlfield>
  <controlfield tag="005">20071210113521.0</controlfield>
  <controlfield tag="006">m        d s      </controlfield>
  <controlfield tag="006">a          s000 0 </controlfield>
  <controlfield tag="007">co ugu</controlfield>
  <controlfield tag="008">070706s2007    abc      b   s000 0 fre  </controlfield>
  <datafield tag="016" ind1=" " ind2=" ">
    <subfield code="a">20078025435</subfield>
  </datafield>
  <datafield tag="020" ind1=" " ind2=" ">
    <subfield code="a">9780778561583</subfield>
  </datafield>
  <datafield tag="020" ind1=" " ind2=" ">
    <subfield code="a">0778561585</subfield>
  </datafield>
  <datafield tag="035" ind1=" " ind2=" ">
    <subfield code="a">ocn165869491</subfield>
  </datafield>
  <datafield tag="040" ind1=" " ind2=" ">
    <subfield code="a">NLC</subfield>
    <subfield code="b">fre</subfield>
    <subfield code="c">NLC</subfield>
    <subfield code="d">AEUSJ</subfield>
  </datafield>
  <datafield tag="043" ind1=" " ind2=" ">
    <subfield code="a">n-cn-ab</subfield>
  </datafield>
  <datafield tag="049" ind1=" " ind2=" ">
    <subfield code="a">UABA</subfield>
  </datafield>
  <datafield tag="050" ind1=" " ind2="4">
    <subfield code="a">LC3984.2.A3</subfield>
    <subfield code="b">P59 2007</subfield>
  </datafield>
  <datafield tag="055" ind1="0" ind2="6">
    <subfield code="a">COP.AL.2.2007-149</subfield>
  </datafield>
  <datafield tag="082" ind1="1" ind2=" ">
    <subfield code="a">371.9</subfield>
    <subfield code="2">14</subfield>
  </datafield>
  <datafield tag="090" ind1=" " ind2=" ">
    <subfield code="a">LC 3984.2 A3 P59 2007</subfield>
    <subfield code="b">AEUSJ</subfield>
  </datafield>
  <datafield tag="245" ind1="0" ind2="0">
    <subfield code="a">Plan d&apos;intervention personnalisé :</subfield>
    <subfield code="b">maternelle - 12e année.</subfield>
  </datafield>
  <datafield tag="260" ind1=" " ind2=" ">
    <subfield code="a">Edmonton :</subfield>
    <subfield code="b">Alberta Education,</subfield>
    <subfield code="c">c2007.</subfield>
  </datafield>
  <datafield tag="300" ind1=" " ind2=" ">
    <subfield code="a">12 v. ;</subfield>
    <subfield code="c">28 cm.</subfield>
  </datafield>
  <datafield tag="336" ind1=" " ind2=" ">
    <subfield code="a">text</subfield>
    <subfield code="b">txt</subfield>
    <subfield code="2">rdacontent</subfield>
  </datafield>
  <datafield tag="337" ind1=" " ind2=" ">
    <subfield code="a">computer</subfield>
    <subfield code="b">c</subfield>
    <subfield code="2">rdamedia</subfield>
  </datafield>
  <datafield tag="338" ind1=" " ind2=" ">
    <subfield code="a">volume</subfield>
    <subfield code="b">nc</subfield>
    <subfield code="2">rdacarrier</subfield>
  </datafield>
  <datafield tag="490" ind1="1" ind2=" ">
    <subfield code="a">Élaboré pour les élèves ayant des besoins spéciaux</subfield>
  </datafield>
  <datafield tag="500" ind1=" " ind2=" ">
    <subfield code="a">Les 12 fascicules et le matériel d&apos;acc. sont réunis dans un classeur à anneaux.</subfield>
  </datafield>
  <datafield tag="500" ind1=" " ind2=" ">
    <subfield code="a">&quot;... constitue une révision de la ressource pédagogique intitulée: Le Plan d&apos;intervention personnalisé (Alberta Education, 1998), livre 3 de la série Élaboré pour les élèves ayant des besoins spéciaux&quot;--Introd.</subfield>
  </datafield>
  <datafield tag="500" ind1=" " ind2=" ">
    <subfield code="a">Publ. aussi en anglais sous le titre: Individualized program planning, ECS to grade 12.</subfield>
  </datafield>
  <datafield tag="500" ind1=" " ind2=" ">
    <subfield code="a">Acc. par: 1 introduction, 1 questionnaire, 1 cédérom.</subfield>
  </datafield>
  <datafield tag="504" ind1=" " ind2=" ">
    <subfield code="a">Comprend des réf. bibliogr.</subfield>
  </datafield>
  <datafield tag="505" ind1="0" ind2=" ">
    <subfield code="a">[v.] 1. Pour démarrer, travailler le processus d&apos;élaboration du PIP -- [v.] 2. Former une équipe d&apos;apprentissage, encourager la participation des parents -- [v.] 3. Former une équipe d&apos;apprentissage, appuyer la participation de l&apos;élève -- [v.] 4. Former une équipe d&apos;apprentissage, créer un réseau de soutien -- [v.] 5. Déterminer les besoins de l&apos;élève, utiliser les évaluations en classe pour appuyer le processus d&apos;élaboration du PIP.</subfield>
  </datafield>
  <datafield tag="505" ind1="0" ind2=" ">
    <subfield code="a">[v.] 5. Déterminer les besoins de l&apos;élève, utiliser les évaluations en classe pour appuyer le processus d&apos;élaboration du PIP -- [v.] 6. Déterminer les besoins de l&apos;élève, identifier les adaptations et les stratégies -- [v.] 7 Déterminer les besoins de l&apos;élève, rendre les buts significatifs, mesurables et gérables -- [v.] 8. Un pas vers l&apos;avenir, planifier les transitions -- [v.] 9. Un pas vers l&apos;avenir, intégrer une technologie d&apos;aide pour l&apos;apprentissage dans le processus d&apos;élaboration du PIP -- [v.] 10. Élaborer de nouvelles solutions, partir du bon pied au préscolaire -- [v.] 11. Élaborer de nouvelles solutions, planifier la programmation pour l&apos;élève doué -- [v.] 12. Élaborer de nouvelles solutions, pratiques prometteuses pour l&apos;école secondaire.</subfield>
  </datafield>
  <datafield tag="530" ind1=" " ind2=" ">
    <subfield code="a">Également disponible sur l&apos;Internet.</subfield>
  </datafield>
  <datafield tag="550" ind1=" " ind2=" ">
    <subfield code="a">Publ. par: Direction de l&apos;éducation française.</subfield>
  </datafield>
  <datafield tag="590" ind1=" " ind2=" ">
    <subfield code="a">Approved for use in Alberta schools.</subfield>
  </datafield>
  <datafield tag="596" ind1=" " ind2=" ">
    <subfield code="a">39</subfield>
  </datafield>
  <datafield tag="650" ind1=" " ind2="6">
    <subfield code="a">Éducation spéciale</subfield>
    <subfield code="z">Alberta.</subfield>
  </datafield>
  <datafield tag="650" ind1=" " ind2="6">
    <subfield code="a">Programmes éducatifs individualisés</subfield>
    <subfield code="z">Alberta.</subfield>
  </datafield>
  <datafield tag="650" ind1=" " ind2="6">
    <subfield code="a">Enseignement individualisé</subfield>
    <subfield code="z">Alberta.</subfield>
  </datafield>
  <datafield tag="710" ind1="1" ind2=" ">
    <subfield code="a">Alberta.</subfield>
    <subfield code="b">Alberta Education.</subfield>
  </datafield>
  <datafield tag="710" ind1="1" ind2=" ">
    <subfield code="a">Alberta.</subfield>
    <subfield code="b">Direction de l&apos;éducation française.</subfield>
  </datafield>
  <datafield tag="830" ind1=" " ind2="0">
    <subfield code="a">Élaboré pour les élèves ayant des besoins spéciaux.</subfield>
  </datafield>
  <datafield tag="856" ind1="4" ind2="1">
    <subfield code="3">University of Alberta Access</subfield>
    <subfield code="u">http://www.education.gov.ab.ca/french/adt%5Fscol/ressources.asp</subfield>
  </datafield>
  <datafield tag="949" ind1=" " ind2=" ">
    <subfield code="h">UABS-CU-B</subfield>
    <subfield code="i">0162024150235</subfield>
  </datafield>
  <datafield tag="994" ind1=" " ind2=" ">
    <subfield code="a">C0</subfield>
    <subfield code="b">UAB</subfield>
  </datafield>
  <datafield tag="926" ind1=" " ind2=" ">
    <subfield code="a">UABSJ</subfield>
    <subfield code="b">CHECKEDOUT</subfield>
    <subfield code="c">LC 3984.2 A3 P59 2007</subfield>
    <subfield code="d">CURR_BOOK</subfield>
    <subfield code="e">3/3/2015</subfield>
    <subfield code="f">1</subfield>
  </datafield>
  <datafield tag="926" ind1=" " ind2=" ">
    <subfield code="a">UABSJ</subfield>
    <subfield code="b">CURRICULUM</subfield>
    <subfield code="c">LC 3984.2 A3 P59 2007</subfield>
    <subfield code="d">CURR_BOOK</subfield>
    <subfield code="f">2</subfield>
  </datafield>
</record>
